%%
@inproceedings{Wirth2008UPF, 
   author = {Wirth, Stephan and Ortiz, Alberto and Paulus, Dietrich and Oliver, Gabriel}, 
   title = {Using Particle Filters for Autonomous Underwater Cable Tracking}, 
   year = {2008}, 
   booktitle = {Proceedings of the Second IFAC Workshop Navigation, Guidance and Control of Underwater Vehicles}, 
   address = {Killaloe (Ireland)}, 
   publisher = {Elsevier  Science}, 
   volume = {2}, 
   number = {1}, 
 } 
@inproceedings{Droege2006GAI, 
   author = {Droege, Detlev and Fritzer, Fabian and Paulus, Dietrich}, 
   title = {GoldenGaze: An inexpensive real-time gaze tracking system}, 
   year = {2006}, 
   editor = {Istance, Howell and  Farinetti, Laura}, 
   booktitle = {COGAIN 2006 -- Gazing into the Future}, 
   organization = {COGAIN}, 
   pages = {29-30}, 
  note = {short paper}, 
 } 
@article{Pellenz2006L3F, 
   author = {Pellenz, Johannes and Delis, Christian and Mihailidis, Ioannis and Paulus, Dietrich}, 
   title = {Low-Cost 3D-Laserscanner f{\"u}r mobile Systeme im RoboCup Rescue Wettbewerb}, 
   year = {2006}, 
   journal = {9. Anwendungsbezogener Workshop zur Erfassung, Modellierung, Verarbeitung und Auswertung von 3D-Daten}, 
   pages = {53-59}, 
 } 
@book{Paulus2001APR, 
   author = {Paulus, Dietrich and Hornegger, Joachim}, 
   title = {Applied pattern recognition: A practical introduction to image and speech processing in C++}, 
   year = {2001}, 
  address = {Braunschweig}, 
   publisher = {Vieweg}, 
   edition = {3}, 
 } 
@inproceedings{Decker2008DWD, 
   author = {Decker, Peter and Paulus, Dietrich and Feldmann, Tobias}, 
   title = {Dealing with degeneracy in essential matrix estimation.}, 
   year = {2008}, 
   booktitle = {Proceedings of the International Conference on Image Processing (ICIP 2008)}, 
   address = {San Diego, California, U.S.A.}, 
   publisher = {IEEE  Press}, 
   pages = {1964-1967}, 
 } 
@inproceedings{Hans2006MDB1, 
   author = {Hans, Wolfram and Grosch, Thorsten and Feldmann, Tobias and Paulus, Dietrich and M{\"u}ller, Stefan}, 
   title = {Modell der {B}ildentstehung mit {HDR}-{K}ameras}, 
   year = {2006}, 
   booktitle = {12. {Workshop} {Farbbildverarbeitung}}, 
   pages = {97-108}, 
 } 

