
@inproceedings{Mustermann2009NEA,
   author = {Mustermann, Martin},
   editor = {Ed, Eddie},
   title = {Niemals erschienener Artikel},
   booktitle = {Niemals erschienenes Buch},
   pages = {123-234},
   year = {2009},
}
